@misc{economistarm,
   author    = {The Economist},
   title     = {The semiconductor industry: Space invaders},
   year      = {2012},
   month     = {jan},
   address   = {Santa Clara, California and Cambridge},
   howpublished = {Geraadpleegd op 14 oktober 2012, via \url{http://www.economist.com/node/21542402}}
}
@misc{stanfordrisc,
   author    = {Crystal Chen and Greg Novick and Kirk Shimano},
   title     = {{RISC} Architecture},
   year      = {2001},
   institution = {Stanford University CS Faculty},
   howpublished = {Geraadpleegd op 14 oktober 2012, via \url{http://www-cs-faculty.stanford.edu/~eroberts/courses/soco/projects/2000-01/risc/}}
}


@article{anthesapps,
 author = {Anthes, Gary},
 title = {Invasion of the mobile apps},
 journal = {Commun. ACM},
 issue_date = {September 2011},
 volume = {54},
 number = {9},
 month = {sep},
 year = {2011},
 issn = {0001-0782},
 pages = {16--18},
 numpages = {3},
 url = {http://doi.acm.org/10.1145/1995376.1995383},
 doi = {10.1145/1995376.1995383},
 acmid = {1995383},
 publisher = {ACM},
 address = {New York, NY, USA},
}

@misc{extremetechmulti,
   author={R. Whitwam},
   title={How multitasking really works on {A}ndroid and {iOS}},
   year={2012},
   month={jan},
   howpublished = {Geraadpleegd op 22 oktober 2012, via \url{http://www.extremetech.com/computing/112013-how-multitasking-works-on-android-and-ios}}
}
