@misc{charles2011,
title={Protect corporate data and your mobile workforce from cybercriminals},
author={Charles, J.P. and Knowles, R.},
year={2011},
howpublished={Geraadpleegd op 15 oktober 2012, via \url{http://www.realwire.com/releases/Protect-corporate-data-and-your-mobile-workforce-from-cybercriminals}}
}

@inproceedings{portokalidis2010paranoid,
 title={Paranoid Android: Zero-day protection for smartphones using the cloud},
 author={Portokalidis, G. and Homburg, P. and Anagnostakis, K. and Bos, H. and Niometrics, RD},
 booktitle={Annual Computer Security Applications Conference ({ACSAC} '10), Austin, TX},
 year={2010}
}

@INPROCEEDINGS{thirumathyam2010, 
author={Thirumathyam, R. and Derawi, M.O.}, 
booktitle={Security and Communication Networks ({IWSCN}), 2010 2nd International Workshop on},
title={Biometric template data protection in mobile device environment using XML-database},
year={2010}, 
month={may}, 
volume={}, 
number={}, 
pages={1 -7}, 
}

@phdthesis{becher2009security,
 title={Security of smartphones at the dawn of their ubiquitousness},
 author={Becher, M.},
 year={2009},
 school={University of Mannheim}
}
@inproceedings{becher2011mobile,
 title={Mobile security catching up? revealing the nuts and bolts of the security of mobile devices},
 author={Becher, M. and Freiling, F.C. and Hoffmann, J. and Holz, T. and Uellenbeck, S. and Wolf, C.},
 booktitle={Security and Privacy (SP), 2011 IEEE Symposium on},
 pages={96--111},
 year={2011},
 organization={IEEE}
}

@article{von2003captcha,
 title={{CAPTCHA}: Using hard {AI} problems for security},
 author={Von Ahn, L. and Blum, M. and Hopper, N. and Langford, J.},
 journal={Advances in Cryptology---EUROCRYPT 2003},
 pages={646--646},
 year={2003},
 publisher={Springer}
}
