@article{simplicityUI,
 author = {Choi, J.H. and Lee, Hye-Jin},
 title = {Facets of simplicity for the smartphone interface: A structural mode},
 journal = {INTERNATIONAL JOURNAL OF HUMAN-COMPUTER STUDIES},
 issue_date = {Februari 2012},
 volume = {70},
 number = {2},
 month = {Feb},
 year = {2012},
 pages = {129-142},
 numpages = {13},
 url = {http://doi.acm.org/10.1016/j.ijhcs.2011.09.002},
 doi = {10.1016/j.ijhcs.2011.09.002},
} 

@article{designUI,
 author = {Nilsson, E.G.},
 title = {Design patterns for user interface for mobile applications},
 journal = {ADVANCES IN ENGINEERING SOFTWARE},
 issue_date = {December 2009},
 volume = {40},
 number = {12},
 month = {Dec},
 year = {2009},
 pages = {1318-1328},
 numpages = {10},
 url = {http://doi.acm.org/10.1016/j.advengsoft.2009.01.017},
 doi = {10.1016/j.advengsoft.2009.01.017},
}

@article{guidelinesUI,
 author = {Park, W. and Han, S.H. and Kang, S. and et al.},
 title = {A factor combination approach to developing style guides for mobile phone user interface},
 journal = {INTERNATIONAL JOURNAL OF INDUSTRIAL ERGONOMICS},
 issue_date = {September 2011},
 volume = {41},
 number = {5},
 month = {Dec},
 year = {2011},
 pages = {536-545},
 numpages = {9},
 url = {http://doi.acm.org/10.1016/j.ergon.2011.04.002},
 doi = {10.1016/j.ergon.2011.04.002},
} 
