@misc{AT\&T,
   author    = { AT&T},
   title     = {1946: First Mobile Telephone Call},
   year      = {2012},
   howpublished = {Geraadpleegd op 12 oktober 2012, via \url{http://www.corp.att.com/attlabs/reputation/timeline/46mobile.html}}
}

@misc{GsmHelpDesk,
   author    = {GsmHelpDesk},
   title     = {Tweederde van verkochte mobieltjes is smartphone},
   year      = {2012},
   howpublished = {Geraadpleegd op 12 oktober 2012, via \url{http://www.gsmhelpdesk.nl/read.php?id=7403}}
}

@misc{BusinessWeek,
   author    = {Ira Sager},
   title     = {Before IPhone and Android Came Simon, the First Smartphone},
   year      = {2012},
   howpublished = {Geraadpleegd op 13 oktober 2012, via \url{http://www.businessweek.com/articles/2012-06-29/before-iphone-and-android-came-simon-the-first-smartphone}}
}

@misc{MacWorld,
   author    = {Mathew Honan},
   title     = {Apple unveils iPhone},
   year      = {2007},
   howpublished = {Geraadpleegd op 13 oktober 2012, via \url{http://www.macworld.com/article/1054769/iphone.html}}
}

@article{Farley,
 title={Mobile Telephone History},
 author={Farley, T.},
 journal={Private Line},
 pages={22--34},
 year={2005},
 publisher={Telektronikk}
}

@article{Hall,
 title={OPERATING SYSTEMS FOR MOBILE COMPUTING},
 author={Hall, S.P. and Anderson, A.},
 journal={The Journal of Computing Sciences in Colleges},
 pages={64--71},
 year={2009},
}
