@misc{computerworld,
   author    = {Harry McCracken},
   title     = {Smartphones: welk OS is het beste?},
   year      = {2008},
   institution = {computerworld},
   howpublished = {Geraadpleegd op 11 oktober 2012, via \url{http://computerworld.nl/article/760/smartphones-welk-os-is-het-beste/1.html}}
}
@misc{nieuwemobiel,
   author    = {Nieuwemobiel.nl},
   title     = {Symbian Foundation stopt},
   year      = {2010},
   howpublished = {Geraadpleegd op 11 oktober 2012, via \url{http://www.nieuwemobiel.nl/114133/4078/Symbian-Foundation-stopt.html}}
}
@misc{nrc,
   author    = {Marc Hijink},
   title     = {Nokia en Microsoft samen, maar geen toestel},
   year      = {2011},
   institution = {nrc},
   howpublished = {Geraadpleegd op 11 oktober 2012, via \url{http://www.nrc.nl/tech/2011/02/14/nokia-en-microsoft-samen-maar-geen-toestel/}}
}
@misc{canalys,
   author    = {Palo Alto},
   title     = {Google's Android becomes the world's leading smart phone platform},
   year      = {2011},
   institution = {canalys},
   howpublished = {Geraadpleegd op 11 oktober 2012, via \url{http://www.canalys.com/newsroom/google%E2%80%99s-android-becomes-world%E2%80%99s-leading-smart-phone-platform}}
}
@misc{mysecondskin,
   author    = {MySecondSkin},
   title     = {Aankondiging iPhone -- 5 jaar geleden},
   year      = {2012},
   howpublished = {Geraadpleegd op 11 oktober 2012, via \url{http://www.mysecondskin.nl/aankondiging-iphone-5-jaar-geleden/}}
}
@misc{pcmweb,
   author    = {Ger Elskamp},
   title     = {Intel werkt met Google aan Android op Intel-smartphones},
   year      = {2011},
   institution = {pcmweb},
   howpublished = {Geraadpleegd op 11 oktober 2012, via \url{http://www.pcmweb.nl/nieuws/intel-werkt-met-google-aan-android-op-intel-smartphones.html}}
}
@misc{gsmacties,
   author    = {Gsmacties.nl},
   title     = {ROM \& custom ROM},
   year      = {2012},
   howpublished = {Geraadpleegd op 20 oktober 2012, via \url{http://www.gsmacties.nl/info/geheugen/rom-custom-rom/}}
}
@misc{zdnet,
   author    = {Rowald Pruyn},
   title     = {Spelmakers klagen over piraterij op Android},
   year      = {2012},
   institution = {zdnet},
   howpublished = {Geraadpleegd op 20 oktober 2012, via \url{http://www.zdnet.nl/news/141699/spelmakers-klagen-over-piraterij-op-android/}}
}
@misc{webwereld,
   author    = {Ren\'e Schoemaker},
   title     = {India wil BlackBerry encryptie omzeilen},
   year      = {2010},
   institution = {webwereld},
   howpublished = {Geraadpleegd op 20 oktober 2012, via \url{http://webwereld.nl/nieuws/66910/india-wil-blackberry-encryptie-omzeilen.html}}
}
@misc{wikipedia,
   author    = {Wikipedia},
   title     = {BlackBerry},
   year      = {2012},
   howpublished = {Geraadpleegd op 20 oktober 2012, via \url{http://nl.wikipedia.org/wiki/BlackBerry}}
}
@misc{consumentenbond,
   author    = {Consumentenbond},
   title     = {Mobiele besturingssystemen},
   year      = {2012},
   howpublished = {Geraadpleegd op 11 oktober 2012, via \url{http://www.consumentenbond.nl/test/elektronica-communicatie/telefonie/mobiele-telefoons/extra/mobiele-besturingssystemen/}}
}
@misc{tweakers,
   author    = {Bauke Schievink},
   title     = {Microsoft kondigt Windows Phone 8 aan},
   year      = {2012},
   institution = {tweakers.net},
   howpublished = {Geraadpleegd op 20 oktober 2012, via \url{http://tweakers.net/nieuws/82675/microsoft-kondigt-windows-phone-8-aan.html}}
}
